@book{intel, title={Intel 64 and IA-32 Architecture Software Developerâ€™s Manual}, volume={3A}, author={Intel}, ordernum={253668-060US}, year={2016}, month={Sep}}
@book{bovet_cesati_2006, place={Sebastopol, CA}, title={Understanding the Linux kernel}, publisher={OReilly}, author={Bovet, Daniel P. and Cesati, Marco}, year={2006}}
@misc{secb, title={UEFI Secure Boot in Modern Computer Security Solutions}, url={http://www.uefi.org/sites/default/files/resources/UEFI_Secure_Boot_in_Modern_Computer_Security_Solutions_2013.pdf}, journal={UEFI}, year={2013}}
@misc{gpt, title={GUID Partition Table}, url={https://en.wikipedia.org/wiki/GUID_Partition_Table}, journal={Wikipedia}, publisher={Wikimedia Foundation}, year={2018}, month={Mar}}
@misc{PK, title={Take Control of Your PC with UEFI Secure Boot}, url={http://www.linuxjournal.com/content/take-control-your-pc-uefi-secure-boot}, journal={Take Control of Your PC with UEFI Secure Boot | Linux Journal}}
@book{uefispec, edition={2.6}, title={Unified Extensible Firmware Interface Specification}, author={Org, UEFI}, year={2016}}
@misc{uefsecboot, title={UEFI and "secure boot"}, url={https://lwn.net/Articles/447381/}, journal={[LWN.net]}, author={Jake Edge}, year={2015}, month={Jun}}
@misc{kumar_kumar_2007, title={Vbootkit: Compromising Windows Vista Security}, url={https://www.blackhat.com/presentations/bh-europe-07/Kumar/Whitepaper/bh-eu-07-Kumar-WP-apr19.pdf}, journal={Blackhat}, author={Kumar, Nitin and Kumar, Vipin}, year={2007}}