@book{bovet_cesati_2006, place={Sebastopol, CA}, title={Understanding the Linux kernel}, publisher={OReilly}, author={Bovet, Daniel P. and Cesati, Marco}, year={2006}}
@misc{linboot, title={Linux i386 Boot Code HOWTO}, url={https://www.tldp.org/HOWTO/Linux-i386-Boot-Code-HOWTO/}, journal={Linux i386 Boot Code HOWTO}, year={2004}, month={Jan}}
@book{gorman_2004, place={Upper Saddle River, NJ}, title={Understanding the Linux Virtual Memory Manager}, publisher={Prentice Hall}, author={Gorman, Mel}, year={2004}}

