@book{bovet_cesati_2006, place={Sebastopol, CA}, title={Understanding the Linux kernel}, publisher={OReilly}, author={Bovet, Daniel P. and Cesati, Marco}, year={2006}}

@book{mauerer_2010, place={Somerset}, title={Professional Linux Kernel Architecture}, publisher={Wiley}, author={Mauerer, Wolfgang}, year={2010}}

@book{gorman_2004, place={Upper Saddle River, NJ}, title={Understanding the Linux Virtual Memory Manager}, publisher={Prentice Hall}, author={Gorman, Mel}, year={2004}}

