@misc{osdev, title={"8042" PS/2 Controller}, url={https://wiki.osdev.org/"8042"_PS/2_Controller}, journal={OSDev Wiki}}
@misc{a20, title={A20 Line}, url={https://wiki.osdev.org/A20_Line}, journal={A20 Line - OSDev Wiki}}
@misc{wikipedia_2018, title={A20 line}, url={https://en.wikipedia.org/wiki/A20_line}, journal={Wikipedia}, publisher={Wikimedia Foundation}, year={2018}, month={Feb}}
@misc{brouwer, title={A20 - a pain from the past}, url={https://www.win.tue.nl/~aeb/linux/kbd/A20.html}, journal={A20 - a pain from the past}, author={Brouwer, Andries E.}}
@misc{collins, title={A20 - Reset Anomalies}, url={http://www.rcollins.org/Productivity/A20Reset.html}, journal={A20/RESET ANOMALIES}, author={Collins, Robert}}
@misc{duarte_2008, title={Memory Translation and Segmentation}, url={https://manybutfinite.com/post/memory-translation-and-segmentation/}, journal={Many But Finite}, author={Duarte, Gustavo}, year={2008}, month={Aug}}
@misc{duarte_2017, title={CPU Rings, Privilege, and Protection}, url={https://manybutfinite.com/post/cpu-rings-privilege-and-protection/}, journal={Many But Finite}, author={Duarte, Gustavo}, year={2008}, month={Nov}}
@misc{rmaddr, title={The Workings of: x86-16/32 RealMode Addressing}, url={https://web.archive.org/web/20130609073242/http://www.osdever.net/tutorials/rm_addressing.php?the_id=50}, journal={The Workings of: x86-16/32 RealMode Addressing}, publisher={Bona Fide OS Development -}}
@misc{wrapar, title={Who needs the address wraparound, anyway?}, url={http://www.os2museum.com/wp/who-needs-the-address-wraparound-anyway/}, journal={OS2 Museum}}
@misc{carn, title={Writing a Bootloader from Scratch}, url={https://www.cs.cmu.edu/~410-s07/p4/p4-boot.pdf}, publisher={Carnegie Mellon, Computer Science Department}, pages={9}}
@book{intel, title={Intel 64 and IA-32 Architecture Software Developerâ€™s Manual}, volume={3A}, author={Intel}}
@misc{descriptor, title={Interrupt Descriptor Table}, url={https://wiki.osdev.org/Interrupt_Descriptor_Table}, journal={Interrupt Descriptor Table - OSDev Wiki}}
@misc{service, title={Interrupt Service Routines}, url={https://wiki.osdev.org/Interrupt_Service_Routines}, journal={Interrupt Service Routines - OSDev Wiki}}
@misc{vector, title={Interrupt Vector Table}, url={https://wiki.osdev.org/Interrupt_Vector_Table}, journal={Interrupt Vector Table - OSDev Wiki}}
@misc{oostenrijk_2016, title={Writing your own toy operating system: Jumping to protected mode}, url={http://www.independent-software.com/writing-your-own-toy-operating-system-jumping-to-protected-mode/}, journal={Independent Software}, author={Oostenrijk, Alexander van}, year={2016}, month={Sep}}
@misc{collins2, title={The Segment Descriptor Cache}, url={http://www.rcollins.org/ddj/Aug98/Aug98.html}, journal={The Segment Descriptor Cache}, author={Collins, Robert}}
@misc{descache, title={Descriptor Cache}, url={https://wiki.osdev.org/Descriptor_Cache}, journal={Descriptor Cache - OSDev Wiki}}
@misc{wik, title={x86 memory segmentation}, url={https://en.wikipedia.org/wiki/X86_memory_segmentation#cite_note-Arch-1}, journal={Wikipedia}, publisher={Wikimedia Foundation}, year={2018}, month={Mar}}
@book{bovet_cesati_2006, place={Sebastopol, CA}, title={Understanding the Linux kernel}, publisher={OReilly}, author={Bovet, Daniel P. and Cesati, Marco}, year={2006}}
@misc{context, title={Context Switching}, url={https://wiki.osdev.org/Context_Switching}, journal={Context Switching - OSDev Wiki}}
@misc{taskss, title={Task State Segment}, url={https://wiki.osdev.org/Task_State_Segment}, journal={Task State Segment - OSDev Wiki}}
@misc{wikipedia_2017, title={Task state segment}, url={https://en.wikipedia.org/wiki/Task_state_segment}, journal={Wikipedia}, publisher={Wikimedia Foundation}, year={2017}, month={Jun}}
@misc{x86_linux, title={Why doesn't Linux use the hardware context switch via the TSS?}, url={https://stackoverflow.com/questions/2711044/why-doesnt-linux-use-the-hardware-context-switch-via-the-tss}, journal={x86 - Why doesn't Linux use the hardware context switch via the TSS? - Stack Overflow}}
