@book{intel, title={Intel 64 and IA-32 Architecture Software Developerâ€™s Manual}, volume={3A}, author={Intel}}
@book{bovet_cesati_2006, place={Sebastopol, CA}, title={Understanding the Linux kernel}, publisher={OReilly}, author={Bovet, Daniel P. and Cesati, Marco}, year={2006}}
@misc{lbp, title={Linux Boot Protocol}, url={https://www.kernel.org/doc/Documentation/x86/boot.txt}, publisher={Linux Kernel}}
@misc{duarte_kern_boot, title={The Kernel Boot Process}, url={https://manybutfinite.com/post/kernel-boot-process/}, journal={Many But Finite}, author={Duarte, Gustavo}, year={2008}, month={Jun}}
@misc{linin, title={Linux Inside}, url={https://0xax.gitbooks.io/linux-insides/content/index.html}, journal={Linux Inside}, author={Alex}}

