@misc{duarte_boot, title={How Computers Boot Up}, url={https://manybutfinite.com/post/how-computers-boot-up/}, journal={Many But Finite}, author={Duarte, Gustavo}, year={2008}, month={Jun}}
@misc{duarte_mmap, title={Motherboard Chipsets and the Memory Map}, url={https://manybutfinite.com/post/motherboard-chipsets-memory-map/}, journal={Many But Finite}, author={Duarte, Gustavo}, year={2008}, month={Jun}}
@book{iapx_manual_1985, place={Santa Clara, CA}, title={IAPX 286: programmers reference manual}, publisher={Intel Corp.}, year={1985}}
@misc{ibm, title={Inside the Linux boot process}, url={https://www.ibm.com/developerworks/library/l-linuxboot/index.html}, journal={IBM - United States}, year={2006}, month={May}}
@misc{wikipedia_mbr, title={Master boot record}, url={https://en.wikipedia.org/wiki/Master_boot_record}, journal={Wikipedia}, publisher={Wikimedia Foundation}, year={2018}, month={Feb}}
@misc{wikipedia_rv, title={Reset vector}, url={https://en.wikipedia.org/wiki/Reset_vector}, journal={Wikipedia}, publisher={Wikimedia Foundation}, year={2018}, month={Feb}}
@misc{ATX, title={ATX}, url={https://en.wikipedia.org/wiki/ATX}, journal={Wikipedia}, publisher={Wikimedia Foundation}, year={2018}, month={Feb}}
@misc{PG, title={Power Good Signal}, url={http://www.tomshardware.co.uk/power-supply-specifications-atx-reference,review-32338-2.html}, journal={Tom's Hardware}, publisher={Don Woligroski}, year={2011}, month={Dec}}
@book{linins, title={Linux Inside}, publisher={0xAX.}, year={2017}}
@misc{wikipedia_ebr, title={Extended boot record}, url={https://en.wikipedia.org/wiki/Extended_boot_record}, journal={Wikipedia}, publisher={Wikimedia Foundation}, year={2018}, month={Feb}}
@misc{wikipedia_bs, title={Boot sector}, url={https://en.wikipedia.org/wiki/Boot_sector}, journal={Wikipedia}, publisher={Wikimedia Foundation}, year={2018}, month={Feb}}
@misc{wind, title={Troubleshooting Disks and File Systems}, url={https://docs.microsoft.com/en-us/previous-versions/windows/it-pro/windows-xp/bb457122(v=technet.10)}, journal={Windows Doc.}, publisher={Windows}, year={2009}}
@misc{boot, title={The Hardware Boot Process: Operating System Independent}, url={http://www.tomshardware.com/reviews/pc-repair-upgrade-maintenance-testing,3629-7.html}, journal={Tom's Hardware}, publisher={TH}, year={2014}}
@misc{bios, title={BIOS Startup}, url={https://www.redhat.com/archives/rhl-list/2007-August/msg03384.html}, journal={Red Hat Mailing List}, publisher={RH}, year={2007}}
@misc{biosbasics, title={BIOS Basics}, url={http://www.bioscentral.com/misc/biosbasics.htm}, journal={BIOS Central}, publisher={BC}, year={2017}}